<record xmlns="http://www.loc.gov/MARC21/slim" xmlns:xsi="http://www.w3.org/2001/XMLSchema-instance" xsi:schemaLocation="http://www.loc.gov/MARC21/slim http://www.loc.gov/standards/marcxml/schema/MARC21slim.xsd"><leader>00373nz   2200121n  4500</leader><controlfield tag="001">oca00889950 </controlfield><controlfield tag="005">19840322000000.0</controlfield><controlfield tag="008">840130n| acannaab|          |n aaa |||  </controlfield><datafield ind1=" " ind2=" " tag="010"><subfield code="a">n  82245065 </subfield></datafield><datafield ind1=" " ind2=" " tag="040"><subfield code="a">DLC</subfield><subfield code="c">DLC</subfield></datafield><datafield ind1="1" ind2=" " tag="100"><subfield code="a">Mesomedes,</subfield><subfield code="d">2nd cent.</subfield></datafield><datafield ind1=" " ind2=" " tag="670"><subfield code="a">Beyer, F. M. Griechenland, c1982:</subfield><subfield code="b">p. ii (Mesomedes, ca. 150)</subfield></datafield><datafield ind1=" " ind2=" " tag="670"><subfield code="a">New Grove</subfield><subfield code="b">(Mesomedes; b. Crete; fl. early 2nd cent.)</subfield></datafield></record>